[gd_scene load_steps=18 format=2]

[ext_resource path="res://source/assets/image/bg/ic_score.png" type="Texture" id=1]
[ext_resource path="res://source/assets/image/bg/logotype.png" type="Texture" id=2]
[ext_resource path="res://source/assets/font/BebasNeue Regular.otf" type="DynamicFontData" id=3]
[ext_resource path="res://source/assets/image/bg/bg_header.png" type="Texture" id=4]
[ext_resource path="res://source/assets/image/btn/btn_menu.png" type="Texture" id=5]
[ext_resource path="res://source/assets/image/bg/bg_progress.png" type="Texture" id=6]
[ext_resource path="res://source/assets/image/bg/bg_menu.png" type="Texture" id=7]
[ext_resource path="res://source/assets/image/btn/btn_back.png" type="Texture" id=9]
[ext_resource path="res://source/assets/image/btn/btn_spin.png" type="Texture" id=10]
[ext_resource path="res://source/assets/image/placeholder.png" type="Texture" id=11]
[ext_resource path="res://source/script/GUI.gd" type="Script" id=12]
[ext_resource path="res://source/assets/image/bg/fg_progress.png" type="Texture" id=13]

[sub_resource type="DynamicFont" id=3]
size = 38
use_mipmaps = true
use_filter = true
font_data = ExtResource( 3 )

[sub_resource type="DynamicFont" id=4]
size = 30
use_mipmaps = true
use_filter = true
extra_spacing_top = 14
font_data = ExtResource( 3 )

[sub_resource type="DynamicFont" id=2]
size = 36
outline_size = 1
outline_color = Color( 0, 0, 0, 1 )
use_mipmaps = true
use_filter = true
font_data = ExtResource( 3 )

[sub_resource type="DynamicFont" id=5]
size = 40
use_mipmaps = true
use_filter = true
font_data = ExtResource( 3 )

[sub_resource type="DynamicFont" id=1]
size = 40
use_mipmaps = true
use_filter = true
extra_spacing_top = 2
font_data = ExtResource( 3 )

[node name="GUI" type="Control"]
anchor_right = 1.0
anchor_bottom = 1.0
margin_left = -0.452637
margin_right = -0.452637
mouse_filter = 2
script = ExtResource( 12 )
__meta__ = {
"_edit_use_anchors_": false
}

[node name="Footer" type="Control" parent="."]
anchor_top = 1.0
anchor_right = 1.0
anchor_bottom = 1.0
margin_top = -297.0
mouse_filter = 2
__meta__ = {
"_edit_use_anchors_": false
}

[node name="BgFooter" type="NinePatchRect" parent="Footer"]
visible = false
anchor_top = 1.0
anchor_right = 1.0
anchor_bottom = 1.0
margin_top = -121.0
margin_right = 6.10352e-05
rect_min_size = Vector2( 720, 121 )
texture = ExtResource( 11 )
region_rect = Rect2( 0, 0, 30, 30 )
__meta__ = {
"_edit_use_anchors_": false
}

[node name="BgWin" type="TextureRect" parent="Footer"]
visible = false
anchor_left = 0.5
anchor_top = 0.121622
anchor_right = 0.5
anchor_bottom = 0.121622
margin_left = -195.0
margin_top = -56.0
margin_right = 195.0
margin_bottom = 16.0
texture = ExtResource( 11 )
__meta__ = {
"_edit_use_anchors_": false
}

[node name="ScoreWin" type="Label" parent="Footer/BgWin"]
anchor_left = 0.374359
anchor_top = 0.472222
anchor_right = 0.969231
anchor_bottom = 0.472222
margin_top = -28.0
margin_bottom = 28.0
custom_fonts/font = SubResource( 3 )
text = "$ 0.25"
align = 1
valign = 1
__meta__ = {
"_edit_use_anchors_": true,
"_editor_description_": ""
}

[node name="BtnSpin" type="Button" parent="Footer"]
anchor_left = 0.5
anchor_top = 1.0
anchor_right = 0.5
anchor_bottom = 1.0
margin_left = -75.0
margin_top = -227.083
margin_right = 75.0
margin_bottom = -77.0834
focus_mode = 0
shortcut_in_tooltip = false
enabled_focus_mode = 0
flat = true
__meta__ = {
"_edit_group_": true,
"_edit_use_anchors_": false
}

[node name="TextureRect" type="TextureRect" parent="Footer/BtnSpin"]
anchor_left = 0.5
anchor_top = 0.5
anchor_right = 0.5
anchor_bottom = 0.5
margin_left = -74.0
margin_top = -74.0
margin_right = 74.0
margin_bottom = 74.0
mouse_filter = 2
texture = ExtResource( 10 )
__meta__ = {
"_edit_use_anchors_": false
}

[node name="BtnAutoSpin" type="Button" parent="Footer"]
visible = false
anchor_left = 1.0
anchor_top = 1.0
anchor_right = 1.0
anchor_bottom = 1.0
margin_left = -192.0
margin_top = -212.291
margin_right = -56.0
margin_bottom = -76.2905
focus_mode = 0
shortcut_in_tooltip = false
enabled_focus_mode = 0
flat = true
__meta__ = {
"_edit_group_": true,
"_edit_use_anchors_": false
}

[node name="TextureRect" type="TextureRect" parent="Footer/BtnAutoSpin"]
anchor_left = 0.5
anchor_top = 0.5
anchor_right = 0.5
anchor_bottom = 0.5
margin_left = -68.0
margin_top = -68.0
margin_right = 68.0
margin_bottom = 68.0
mouse_filter = 2
texture = ExtResource( 11 )
__meta__ = {
"_edit_use_anchors_": false
}

[node name="BtnMaxBet" type="Button" parent="Footer"]
visible = false
anchor_top = 1.0
anchor_bottom = 1.0
margin_left = 32.0
margin_top = -202.0
margin_right = 202.0
margin_bottom = -32.0
focus_mode = 0
shortcut_in_tooltip = false
enabled_focus_mode = 0
flat = true
__meta__ = {
"_edit_group_": true,
"_edit_use_anchors_": false
}

[node name="TextureRect" type="TextureRect" parent="Footer/BtnMaxBet"]
anchor_left = 0.5
anchor_top = 0.5
anchor_right = 0.5
anchor_bottom = 0.5
margin_left = -82.0
margin_top = -82.0
margin_right = 82.0
margin_bottom = 82.0
mouse_filter = 2
texture = ExtResource( 11 )
__meta__ = {
"_edit_use_anchors_": false
}

[node name="Bet" type="Control" parent="Footer"]
visible = false
anchor_top = 1.0
anchor_bottom = 1.0
margin_left = 48.0
margin_top = -169.441
margin_right = 240.0
margin_bottom = -93.4412
mouse_filter = 2
__meta__ = {
"_edit_group_": true,
"_edit_use_anchors_": false
}

[node name="BgBet" type="TextureRect" parent="Footer/Bet"]
anchor_left = 0.5
anchor_top = 0.5
anchor_right = 0.5
anchor_bottom = 0.5
margin_left = -96.0
margin_top = -38.0
margin_right = 96.0
margin_bottom = 38.0
mouse_filter = 2
texture = ExtResource( 11 )
__meta__ = {
"_edit_use_anchors_": false
}

[node name="Label" type="Label" parent="Footer/Bet"]
anchor_top = 0.5
anchor_right = 1.0
anchor_bottom = 0.5
margin_top = -25.0
margin_bottom = 31.0
custom_fonts/font = SubResource( 4 )
text = "$ 0.25"
align = 1
valign = 1
__meta__ = {
"_edit_use_anchors_": false
}

[node name="BtnMinus" type="Button" parent="Footer/Bet"]
anchor_top = 0.5
anchor_bottom = 0.5
margin_left = -24.0
margin_top = -22.0
margin_right = 38.0
margin_bottom = 40.0
focus_mode = 0
shortcut_in_tooltip = false
enabled_focus_mode = 0
flat = true
__meta__ = {
"_edit_group_": true,
"_edit_use_anchors_": false
}

[node name="TextureRect" type="TextureRect" parent="Footer/Bet/BtnMinus"]
anchor_left = 0.5
anchor_top = 0.5
anchor_right = 0.5
anchor_bottom = 0.5
margin_left = -31.0
margin_top = -31.0
margin_right = 31.0
margin_bottom = 31.0
mouse_filter = 2
texture = ExtResource( 11 )

[node name="BtnPlus" type="Button" parent="Footer/Bet"]
anchor_left = 1.0
anchor_top = 0.5
anchor_right = 1.0
anchor_bottom = 0.5
margin_left = -38.0
margin_top = -22.0
margin_right = 24.0
margin_bottom = 40.0
focus_mode = 0
shortcut_in_tooltip = false
enabled_focus_mode = 0
flat = true
__meta__ = {
"_edit_group_": true,
"_edit_use_anchors_": false
}

[node name="TextureRect" type="TextureRect" parent="Footer/Bet/BtnPlus"]
anchor_left = 0.5
anchor_top = 0.5
anchor_right = 0.5
anchor_bottom = 0.5
margin_left = -31.0
margin_top = -31.0
margin_right = 31.0
margin_bottom = 31.0
mouse_filter = 2
texture = ExtResource( 11 )

[node name="AutoSpinProgress" type="Control" parent="Footer"]
anchor_left = 0.5
anchor_top = 1.0
anchor_right = 0.5
anchor_bottom = 1.0
margin_left = -150.0
margin_top = 52.0
margin_right = 150.0
margin_bottom = 90.0
__meta__ = {
"_edit_group_": true,
"_edit_use_anchors_": false
}

[node name="ProgressBg" type="NinePatchRect" parent="Footer/AutoSpinProgress"]
anchor_top = 0.5
anchor_right = 1.0
anchor_bottom = 0.5
margin_top = -19.0
margin_bottom = 19.0
rect_min_size = Vector2( 38, 38 )
texture = ExtResource( 6 )
region_rect = Rect2( 0, 0, 38, 38 )
patch_margin_left = 19
patch_margin_top = 19
patch_margin_right = 19
patch_margin_bottom = 19
__meta__ = {
"_edit_use_anchors_": false
}

[node name="ProgressFg" type="NinePatchRect" parent="Footer/AutoSpinProgress/ProgressBg"]
anchor_top = 0.5
anchor_right = 1.0
anchor_bottom = 0.5
margin_left = 1.0
margin_top = -18.0
margin_right = -1.0
margin_bottom = 18.0
rect_min_size = Vector2( 36, 36 )
texture = ExtResource( 13 )
region_rect = Rect2( 0, 0, 36, 36 )
patch_margin_left = 18
patch_margin_top = 18
patch_margin_right = 18
patch_margin_bottom = 18
__meta__ = {
"_edit_use_anchors_": false
}

[node name="Label" type="Label" parent="Footer/AutoSpinProgress/ProgressBg"]
anchor_top = 0.5
anchor_right = 1.0
anchor_bottom = 0.5
margin_top = -28.0
margin_bottom = 36.0
custom_fonts/font = SubResource( 2 )
text = "1 / 10"
align = 1
valign = 1
uppercase = true
__meta__ = {
"_edit_use_anchors_": false
}

[node name="Menu" type="TextureRect" parent="."]
anchor_right = 1.0
anchor_bottom = 1.0
texture = ExtResource( 7 )
expand = true
stretch_mode = 7
__meta__ = {
"_edit_use_anchors_": false,
"_editor_description_": ""
}

[node name="Btn0" type="Button" parent="Menu"]
anchor_left = 0.5
anchor_top = 0.5
anchor_right = 0.5
anchor_bottom = 0.5
margin_left = -92.5
margin_top = -87.0
margin_right = 92.5
margin_bottom = -41.0
focus_mode = 0
custom_fonts/font = SubResource( 5 )
custom_colors/font_color = Color( 0.984314, 1, 0.0784314, 1 )
shortcut_in_tooltip = false
enabled_focus_mode = 0
text = "Wallpappers"
flat = true
__meta__ = {
"_edit_use_anchors_": false
}

[node name="Btn1" type="Button" parent="Menu"]
anchor_left = 0.5
anchor_top = 0.5
anchor_right = 0.5
anchor_bottom = 0.5
margin_left = -92.5
margin_top = 41.0
margin_right = 92.5
margin_bottom = 87.0
focus_mode = 0
custom_fonts/font = SubResource( 5 )
shortcut_in_tooltip = false
enabled_focus_mode = 0
text = "Slots"
flat = true
__meta__ = {
"_edit_use_anchors_": false
}

[node name="Header" type="Control" parent="."]
anchor_right = 1.0
margin_right = 3.05176e-05
margin_bottom = 85.0
mouse_filter = 2
__meta__ = {
"_edit_use_anchors_": false
}

[node name="BgHeader" type="NinePatchRect" parent="Header"]
anchor_right = 1.0
margin_right = -3.05176e-05
margin_bottom = 85.0
rect_min_size = Vector2( 411, 85 )
texture = ExtResource( 4 )
region_rect = Rect2( 0, 0, 411, 85 )
__meta__ = {
"_edit_use_anchors_": false
}

[node name="Logotype" type="TextureRect" parent="Header"]
anchor_left = 0.5
anchor_top = 0.5
anchor_right = 0.5
anchor_bottom = 0.5
margin_left = -82.0
margin_top = -25.5
margin_right = 82.0
margin_bottom = 25.5
texture = ExtResource( 2 )
__meta__ = {
"_edit_use_anchors_": false
}

[node name="Level" type="Control" parent="Header"]
visible = false
anchor_left = 0.970833
anchor_top = 1.45455
anchor_right = 0.970833
anchor_bottom = 1.45455
margin_left = -330.0
margin_top = 1.52588e-05
margin_right = 6.10352e-05
margin_bottom = 70.0
__meta__ = {
"_edit_group_": true,
"_edit_use_anchors_": true
}

[node name="ProgressBg" type="NinePatchRect" parent="Header/Level"]
anchor_top = 0.5
anchor_right = 1.0
anchor_bottom = 0.5
margin_top = -35.0
margin_bottom = 35.0
rect_min_size = Vector2( 70, 70 )
texture = ExtResource( 6 )
region_rect = Rect2( 0, 0, 70, 70 )
patch_margin_left = 35
patch_margin_top = 36
patch_margin_right = 35
patch_margin_bottom = 34
__meta__ = {
"_edit_use_anchors_": false,
"_editor_description_": ""
}

[node name="ProgressFg" type="NinePatchRect" parent="Header/Level/ProgressBg"]
anchor_top = 0.5
anchor_right = 1.0
anchor_bottom = 0.5
margin_top = -35.0
margin_bottom = 35.0
rect_min_size = Vector2( 70, 70 )
texture = ExtResource( 13 )
region_rect = Rect2( 0, 0, 70, 70 )
patch_margin_left = 35
patch_margin_top = 36
patch_margin_right = 35
patch_margin_bottom = 34
__meta__ = {
"_edit_use_anchors_": false
}

[node name="Label" type="Label" parent="Header/Level"]
anchor_top = 0.5
anchor_right = 1.0
anchor_bottom = 0.5
margin_left = 64.0
margin_top = -32.0
margin_right = -3.05176e-05
margin_bottom = 32.0
custom_fonts/font = SubResource( 1 )
custom_constants/shadow_offset_x = 2
custom_constants/shadow_offset_y = 2
text = "$ 500 / 3900"
align = 1
valign = 1
__meta__ = {
"_edit_use_anchors_": false,
"_editor_description_": ""
}

[node name="IcLevel" type="TextureRect" parent="Header/Level"]
anchor_top = 0.5
anchor_bottom = 0.5
margin_top = -15.0
margin_right = 30.0
margin_bottom = 15.0
texture = ExtResource( 11 )
__meta__ = {
"_edit_group_": true,
"_edit_use_anchors_": false
}

[node name="Label" type="Label" parent="Header/Level/IcLevel"]
anchor_left = 0.5
anchor_top = 0.5
anchor_right = 0.5
anchor_bottom = 0.5
margin_left = -15.0
margin_top = -28.0
margin_right = 15.0
margin_bottom = 28.0
custom_fonts/font = SubResource( 2 )
custom_colors/font_color = Color( 0, 0, 0, 1 )
custom_constants/shadow_offset_x = 2
custom_constants/shadow_offset_y = 2
text = "5"
align = 1
valign = 1
uppercase = true
__meta__ = {
"_edit_use_anchors_": false
}

[node name="BtnGift" type="Button" parent="Header"]
visible = false
anchor_left = 0.5
anchor_right = 0.5
margin_left = -133.0
margin_right = 134.0
margin_bottom = 101.0
focus_mode = 0
shortcut_in_tooltip = false
enabled_focus_mode = 0
flat = true
__meta__ = {
"_edit_group_": true,
"_edit_use_anchors_": false
}

[node name="TextureRect" type="TextureRect" parent="Header/BtnGift"]
anchor_left = 0.5
anchor_right = 0.5
margin_left = -131.0
margin_right = 131.0
margin_bottom = 98.0
mouse_filter = 2
texture = ExtResource( 11 )

[node name="Score" type="Control" parent="Header"]
anchor_left = 0.5
anchor_top = 0.5
anchor_right = 0.5
anchor_bottom = 0.5
margin_left = -125.0
margin_top = -19.0
margin_right = 125.0
margin_bottom = 19.0
__meta__ = {
"_edit_group_": true,
"_edit_use_anchors_": false
}

[node name="ScoreBg" type="NinePatchRect" parent="Header/Score"]
anchor_top = 0.5
anchor_right = 1.0
anchor_bottom = 0.5
margin_top = -19.0
margin_bottom = 19.0
rect_min_size = Vector2( 38, 38 )
texture = ExtResource( 6 )
region_rect = Rect2( 0, 0, 38, 38 )
patch_margin_left = 19
patch_margin_top = 19
patch_margin_right = 19
patch_margin_bottom = 19
__meta__ = {
"_edit_use_anchors_": false
}

[node name="Label" type="Label" parent="Header/Score"]
anchor_top = 0.5
anchor_right = 1.0
anchor_bottom = 0.5
margin_left = 45.0
margin_top = -18.0
margin_bottom = 24.0
custom_fonts/font = SubResource( 1 )
custom_constants/shadow_offset_x = 2
custom_constants/shadow_offset_y = 2
text = "$ 99999"
align = 1
valign = 1
__meta__ = {
"_edit_use_anchors_": false
}

[node name="Ic" type="TextureRect" parent="Header/Score"]
anchor_top = 0.5
anchor_bottom = 0.5
margin_left = -3.0
margin_top = -26.0
margin_right = 46.0
margin_bottom = 26.0
texture = ExtResource( 1 )
__meta__ = {
"_edit_use_anchors_": false
}

[node name="BtnBack" type="Button" parent="Header"]
anchor_top = 0.5
anchor_bottom = 0.5
margin_left = 8.0
margin_top = -29.5
margin_right = 67.0
margin_bottom = 29.5
focus_mode = 0
shortcut_in_tooltip = false
enabled_focus_mode = 0
flat = true
__meta__ = {
"_edit_group_": true,
"_edit_use_anchors_": false
}

[node name="TextureRect" type="TextureRect" parent="Header/BtnBack"]
anchor_left = 0.5
anchor_top = 0.5
anchor_right = 0.5
anchor_bottom = 0.5
margin_left = -23.0
margin_top = -23.0
margin_right = 23.0
margin_bottom = 23.0
mouse_filter = 2
texture = ExtResource( 9 )
__meta__ = {
"_edit_use_anchors_": false
}

[node name="BtnMenu" type="Button" parent="Header"]
anchor_top = 0.5
anchor_bottom = 0.5
margin_left = 8.0
margin_top = -29.5
margin_right = 67.0
margin_bottom = 29.5
focus_mode = 0
shortcut_in_tooltip = false
enabled_focus_mode = 0
flat = true
__meta__ = {
"_edit_group_": true,
"_edit_use_anchors_": false
}

[node name="TextureRect" type="TextureRect" parent="Header/BtnMenu"]
anchor_left = 0.5
anchor_top = 0.5
anchor_right = 0.5
anchor_bottom = 0.5
margin_left = -16.5
margin_top = -11.5
margin_right = 16.5
margin_bottom = 11.5
mouse_filter = 2
texture = ExtResource( 5 )
__meta__ = {
"_edit_use_anchors_": false
}

[node name="Tween" type="Tween" parent="."]

[node name="TimerSpinLongPress" type="Timer" parent="."]
one_shot = true
[connection signal="button_down" from="Footer/BtnSpin" to="." method="_on_BtnSpin_button_down"]
[connection signal="button_up" from="Footer/BtnSpin" to="." method="_on_BtnSpin_button_up"]
[connection signal="pressed" from="Footer/BtnAutoSpin" to="." method="_on_BtnAutoSpin_pressed"]
[connection signal="pressed" from="Footer/BtnMaxBet" to="." method="_on_BtnMaxBet_pressed"]
[connection signal="pressed" from="Footer/Bet/BtnMinus" to="." method="_on_BtnMinus_pressed"]
[connection signal="pressed" from="Footer/Bet/BtnPlus" to="." method="_on_BtnPlus_pressed"]
[connection signal="pressed" from="Menu/Btn0" to="." method="_on_Btn0_pressed"]
[connection signal="pressed" from="Menu/Btn1" to="." method="_on_Btn1_pressed"]
[connection signal="pressed" from="Header/BtnGift" to="." method="_on_BtnGift_pressed"]
[connection signal="pressed" from="Header/BtnBack" to="." method="_on_BtnBack_pressed"]
[connection signal="pressed" from="Header/BtnMenu" to="." method="_on_BtnMenu_pressed"]
[connection signal="timeout" from="TimerSpinLongPress" to="." method="_on_Timer_timeout"]
